@online{biblatex,
  title = {Biblatex – Sophisticated Bibliographies in LaTeX},
  publisher = {Dansk Standard},
  year = {2018},
  author = {Philipp Lehman AND Joseph Wright AND Audrey Boruvka AND Philip Kime},
  url = {https://www.ctan.org/pkg/biblatex}
}

@book{bishop,
  title={Pattern recognition and machine learning},
  author={Bishop, Christopher M and Nasrabadi, Nasser M},
  volume={4},
  number={4},
  year={2006},
  publisher={Springer}
}


@phdthesis{PhDthesis,
  title={Sample-efficient Optimization Using Neural Networks},
  author={Aryan, Mashall},
  year={2020},
  note = "\url{https://researcharchive.vuw.ac.nz/handle/10063/9035}",
  school={Victoria University of Wellington, New Zealand}
}

@misc{snoek2015scalable,
      title={Scalable Bayesian Optimization Using Deep Neural Networks}, 
      author={Jasper Snoek and Oren Rippel and Kevin Swersky and Ryan Kiros and Nadathur Satish and Narayanan Sundaram and Md. Mostofa Ali Patwary and Prabhat and Ryan P. Adams},
      year={2015},
      eprint={1502.05700},
      archivePrefix={arXiv},
      primaryClass={stat.ML}
}

@inproceedings{NIPS2016_a96d3afe,
 author = {Springenberg, Jost Tobias and Klein, Aaron and Falkner, Stefan and Hutter, Frank},
 booktitle = {Advances in Neural Information Processing Systems},
 editor = {D. Lee and M. Sugiyama and U. Luxburg and I. Guyon and R. Garnett},
 pages = {},
 publisher = {Curran Associates, Inc.},
 title = {Bayesian Optimization with Robust Bayesian Neural Networks},
 url = {https://proceedings.neurips.cc/paper/2016/file/a96d3afec184766bfeca7a9f989fc7e7-Paper.pdf},
 volume = {29},
 year = {2016}
}

@misc{swersky2014freezethaw,
      title={Freeze-Thaw Bayesian Optimization}, 
      author={Kevin Swersky and Jasper Snoek and Ryan Prescott Adams},
      year={2014},
      eprint={1406.3896},
      archivePrefix={arXiv},
      primaryClass={stat.ML}
}

@article{doi:10.1021/acscentsci.7b00572,
author = {Gómez-Bombarelli, Rafael and Wei, Jennifer N. and Duvenaud, David and Hernández-Lobato, José Miguel and Sánchez-Lengeling, Benjamín and Sheberla, Dennis and Aguilera-Iparraguirre, Jorge and Hirzel, Timothy D. and Adams, Ryan P. and Aspuru-Guzik, Alán},
title = {Automatic Chemical Design Using a Data-Driven Continuous Representation of Molecules},
journal = {ACS Central Science},
volume = {4},
number = {2},
pages = {268-276},
year = {2018},
doi = {10.1021/acscentsci.7b00572},
    note ={PMID: 29532027},

URL = { 
        https://doi.org/10.1021/acscentsci.7b00572
    
},
eprint = { 
        https://doi.org/10.1021/acscentsci.7b00572
    
}

}